@inproceedings{1dscattering1,
 author = {And{\'e}n, Joakim and Mallat, St{\'e}phane},
 booktitle = {ISMIR},
 organization = {Miami, Florida},
 pages = {657--662},
 title = {{Multiscale Scattering for Audio Classification.}},
 year = {2011}
}

@article{2dscattering,
 author = {Bruna, Joan and Mallat, St{\'e}phane},
 journal = {IEEE transactions on pattern analysis and machine intelligence},
 number = {8},
 pages = {1872--1886},
 publisher = {IEEE},
 title = {{Invariant scattering convolution networks}},
 volume = {35},
 year = {2013}
}

@article{3dscattering,
 author = {Yuan Yan Tang and Yang Lu and Haoliang Yuan},
 doi = {10.1109/TGRS.2014.2360672},
 issn = {01962892},
 issue = {5},
 journal = {IEEE Transactions on Geoscience and Remote Sensing},
 keywords = {3-D scattering wavelet transform,3-D spatial filtering,Classification,hyperspectral image (HSI),spectral-spatial},
 month = {5},
 pages = {2467-2480},
 publisher = {Institute of Electrical and Electronics Engineers Inc.},
 title = {{Hyperspectral image classification based on three-dimensional scattering wavelet transform}},
 volume = {53},
 year = {2015}
}

@misc{adam,
 archiveprefix = {arXiv},
 author = {Diederik P. Kingma and Jimmy Ba},
 eprint = {1412.6980},
 primaryclass = {cs.LG},
 title = {{Adam: A Method for Stochastic Optimization}},
 year = {2017}
}

@misc{batchnorm,
 archiveprefix = {arXiv},
 author = {Sergey Ioffe and Christian Szegedy},
 eprint = {1502.03167},
 primaryclass = {cs.LG},
 title = {{Batch Normalization: Accelerating Deep Network Training by Reducing Internal Covariate Shift}},
 year = {2015}
}

@article{blue_fin_detection,
 author = {Elena Schall and Clea Parcerisas},
 doi = {10.3390/jmse10121831},
 issn = {20771312},
 issue = {12},
 journal = {Journal of Marine Science and Engineering},
 keywords = {20 Hz pulse,Balaenoptera physalus,automatic detection,chorus,fin whale,kurtosis},
 month = {12},
 publisher = {MDPI},
 title = {{{A Robust Method to Automatically Detect Fin Whale Acoustic Presence in Large and Diverse Passive Acoustic Datasets}}},
 volume = {10},
 year = {2022}
}

@article{blue_whale,
 author = {Trevor A. Branch and Koji Matsuoka and Tomio Miyashita},
 doi = {10.1111/j.1748-7692.2004.tb01190.x},
 issn = {08240469},
 issue = {4},
 journal = {Marine Mammal Science},
 keywords = {Abundance estimate,Antarctic blue whales,Balaenoptera musculus brevicauda,Balaenoptera musculus intermedia,Bayesian models,Meta-analysis,Population assessment,Rate of increase,Southern Hemisphere,True blue whales},
 pages = {726-754},
 publisher = {Society for Marine Mammology},
 title = {{{Evidence for increases in Antarctic blue whales based on Bayesian modelling}}},
 volume = {20},
 year = {2004}
}

@article{casey2017,
 author = {Brian S. Miller and Kathleen M. Stafford and Ilse Van Opzeeland and Danielle Harris and Flore Samaran and Ana Širović and Susannah Buchan and Ken Findlay and Naysa Balcazar and Sharon Nieukirk and Emmanuelle C. Leroy and Meghan Aulich and Fannie W. Shabangu and Robert P. Dziak and Won Sang Lee and Jong Kuk Hong},
 doi = {10.1038/s41598-020-78995-8},
 issn = {20452322},
 issue = {1},
 journal = {Scientific Reports},
 month = {12},
 pmid = {33436710},
 publisher = {Nature Research},
 title = {{An open access dataset for developing automated detectors of Antarctic baleen whale sounds and performance evaluation of two commonly used detectors}},
 volume = {11},
 year = {2021}
}

@article{casey2019,
 author = {Brian S. Miller and Susannah Calderan and Russell Leaper and Elanor J. Miller and Ana Širović and Kathleen M. Stafford and Elanor Bell and Michael C. Double},
 doi = {10.3389/fmars.2021.792651},
 issn = {22967745},
 journal = {Frontiers in Marine Science},
 keywords = {Antarctic,bioacoustics,blue whale (Balaenoptera musculus),fin whale (Balaenoptera physalus),sonobuoy,source level,vocalizations},
 month = {12},
 note = {Casey2019 DS},
 publisher = {Frontiers Media S.A.},
 title = {{Source Level of Antarctic Blue and Fin Whale Sounds Recorded on Sonobuoys Deployed in the Deep-Ocean Off Antarctica}},
 volume = {8},
 year = {2021}
}

@article{chi2_fs,
 author = {Thaseen, Ikram Sumaiya and Kumar, Cherukuri Aswani},
 journal = {{Journal of King Saud University-Computer and Information Sciences}},
 number = {4},
 pages = {462--472},
 publisher = {Elsevier},
 title = {{{Intrusion detection model using fusion of chi-square feature selection and multi class SVM}}},
 volume = {29},
 year = {2017}
}

@article{cnn_fin_whale,
 author = {M. Román Ruiz and C. Rossi and J.A. Esteban},
 doi = {10.1016/j.ecoinf.2023.102243},
 issn = {15749541},
 journal = {Ecological Informatics},
 month = {11},
 pages = {102243},
 title = {{{Fin whale pulse detection with deep neural networks}}},
 url = {https://linkinghub.elsevier.com/retrieve/pii/S1574954123002728},
 volume = {77},
 year = {2023}
}

@article{cnn_multiple_whale_classes,
 author = {Hamed Mohebbi-Kalkhoran and Purnima Ratilal},
 doi = {10.1121/10.0016331},
 issn = {0001-4966},
 issue = {4_Supplement},
 journal = {The Journal of the Acoustical Society of America},
 title = {{{Automatic detection and classification of baleen and toothed whale calls via machine learning approaches over instantaneous wide areas in the Gulf of Maine received on a coherent hydrophone array}}},
 volume = {152},
 year = {2022}
}

@article{cwtentropy1,
 article-number = {1059},
 author = {Civera, Marco and Surace, Cecilia},
 doi = {10.3390/app12031059},
 issn = {2076-3417},
 journal = {Applied Sciences},
 number = {3},
 title = {{An Application of Instantaneous Spectral Entropy for the Condition Monitoring of Wind Turbines}},
 url = {https://www.mdpi.com/2076-3417/12/3/1059},
 volume = {12},
 year = {2022}
}

@article{cwtentropy2,
 article-number = {310},
 author = {Civera, Marco and Surace, Cecilia},
 doi = {10.3390/buildings12030310},
 issn = {2075-5309},
 journal = {Buildings},
 number = {3},
 title = {{Instantaneous Spectral Entropy: An Application for the Online Monitoring of Multi-Storey Frame Structures}},
 url = {https://www.mdpi.com/2075-5309/12/3/310},
 volume = {12},
 year = {2022}
}

@misc{cwtmatlab,
 author = {MATLAB},
 publisher = {MATLAB},
 title = {{Continuous 1-D wavelet transform}},
 url = {https://www.mathworks.com/help/wavelet/ref/cwt.html},
 year = {n.d.}
}

@inproceedings{denoiseSSN,
 author = {Ganapathi, Sumithra and Kumar, Suresh Minakanoor and Deivasigamani, Meganathan},
 booktitle = {2016 IEEE/OES China Ocean Acoustics (COA)},
 doi = {10.1109/COA.2016.7535678},
 number = {},
 pages = {1-6},
 title = {{Noise reduction in underwater acoustic signals for tropical and subtropical coastal waters}},
 volume = {},
 year = {2016}
}

@inproceedings{denoising,
 author = {Jun Jiang and Jian Guo and Weihua Fan and Qingwei Chen},
 booktitle = {2010 8th World Congress on Intelligent Control and Automation},
 doi = {10.1109/WCICA.2010.5554856},
 number = {},
 pages = {2894-2898},
 title = {{An improved adaptive wavelet denoising method based on neighboring coefficients}},
 volume = {},
 year = {2010}
}

@article{detectionGLRT,
 author = {Urazghildiiev, Ildar R. and Clark, Christopher W. and Krein, Timothy P. and Parks, Susan E.},
 doi = {10.1109/JOE.2009.2014931},
 journal = {IEEE Journal of Oceanic Engineering},
 number = {3},
 pages = {358-368},
 title = {{Detection and Recognition of North Atlantic Right Whale Contact Calls in the Presence of Ambient Noise}},
 volume = {34},
 year = {2009}
}

@article{dolphindetection,
 author = {O.M. Serra and F.P.R. Martins and L.R. Padovese},
 doi = {https://doi.org/10.1016/j.ecoinf.2019.101036},
 issn = {1574-9541},
 journal = {Ecological Informatics},
 keywords = {(, Spectrogram, Hough transform, Active contours, Random forest, Machine learning)},
 pages = {101036},
 title = {{Active contour-based detection of estuarine dolphin whistles in spectrogram images}},
 url = {https://www.sciencedirect.com/science/article/pii/S1574954119303462},
 volume = {55},
 year = {2020}
}

@article{ecg_ws_svm,
 author = {Sudestna Nahak and Akanksha Pathak and Goutam Saha},
 doi = {10.1016/j.eswa.2023.120019},
 issn = {09574174},
 journal = {Expert Systems with Applications},
 keywords = {Arrhythmia,ECG,Fragment-level,SVM,Wavelet scattering transform},
 month = {8},
 publisher = {Elsevier Ltd},
 title = {{{Fragment-level classification of ECG arrhythmia using wavelet scattering transform}}},
 volume = {224},
 year = {2023}
}

@article{ecgcwt,
 author = {Xiaoming Sun and Pengfei Liu and Zhishuai He and Yang Han and Bochao Su},
 doi = {https://doi.org/10.1016/j.ecoinf.2022.101628},
 issn = {1574-9541},
 journal = {Ecological Informatics},
 keywords = {Heartbeat classification, Arrhythmia, Transfer learning, Convolutional neural network, Continuous wavelet transform},
 pages = {101628},
 title = {{Automatic classification of electrocardiogram signals based on transfer learning and continuous wavelet transform}},
 url = {https://www.sciencedirect.com/science/article/pii/S1574954122000772},
 volume = {69},
 year = {2022}
}

@article{entropyJASA,
 author = {Erbe,Christine  and King,Andrew R. },
 doi = {10.1121/1.2982368},
 eprint = { 
https://doi.org/10.1121/1.2982368       
},
 journal = {The Journal of the Acoustical Society of America},
 number = {5},
 pages = {2833-2840},
 title = {{Automatic detection of marine mammals using information entropy}},
 url = { 
https://doi.org/10.1121/1.2982368       
},
 volume = {124},
 year = {2008}
}

@inproceedings{entropyOCEANS,
 author = {Qiao, Gang and Ma, Tianlong and Liu, Songzuo and Zheng, Naihua and Babar, Zeeshan and Yin, Yanling},
 booktitle = {OCEANS 2019 - Marseille},
 doi = {10.1109/OCEANSE.2019.8866876},
 number = {},
 pages = {1-6},
 title = {{Spectral Entropy Based Dolphin Whistle Detection Algorithm and Its Possible Application for Biologically Inspired Communication}},
 volume = {},
 year = {2019}
}

@article{entropyorig,
 author = {G E Powell and I C Percival},
 doi = {10.1088/0305-4470/12/11/017},
 journal = {Journal of Physics A: Mathematical and General},
 month = {nov},
 number = {11},
 pages = {2053--2071},
 publisher = {{IOP} Publishing},
 title = {{A spectral entropy method for distinguishing regular and irregular motion of Hamiltonian systems}},
 url = {https://doi.org/10.1088/0305-4470/12/11/017},
 volume = {12},
 year = {1979}
}

@inproceedings{entropysubband,
 author = {Jin, Li and Cheng, Jiang},
 booktitle = {2010 International Conference on Intelligent Computation Technology and Automation},
 doi = {10.1109/ICICTA.2010.309},
 number = {},
 pages = {591-594},
 title = {{An Improved Speech Endpoint Detection Based on Spectral Subtraction and Adaptive Sub-band Spectral Entropy}},
 volume = {1},
 year = {2010}
}

@article{fcwt,
 author = {Arts, Lukas P. A.
and van den Broek, Egon. L.},
 day = {01},
 doi = {10.1038/s43588-021-00183-z},
 issn = {2662-8457},
 journal = {Nature Computational Science},
 month = {Jan},
 number = {1},
 pages = {47-58},
 title = {{The fast continuous wavelet transformation (fCWT) for real-time, high-quality, noise-resistant time--frequency analysis}},
 url = {https://doi.org/10.1038/s43588-021-00183-z},
 volume = {2},
 year = {2022}
}

@article{fin_whale,
 author = {Meghan G. Aulich and Robert D. McCauley and Brian S. Miller and Flore Samaran and Giacomo Giorli and Benjamin J. Saunders and Christine Erbe},
 doi = {10.3389/fmars.2022.864153},
 issn = {22967745},
 journal = {Frontiers in Marine Science},
 keywords = {Antarctica,Australia,Balaenoptera physalus,fin whale,migratory pathway,passive acoustic monitoring,seasonal distribution},
 month = {5},
 publisher = {Frontiers Media S.A.},
 title = {{{Seasonal Distribution of the Fin Whale (Balaenoptera physalus) in Antarctic and Australian Waters Based on Passive Acoustics}}},
 volume = {9},
 year = {2022}
}

@article{frequencyestimation,
 author = {Mingyang Wu and DeLiang Wang and Brown, G.J.},
 doi = {10.1109/TSA.2003.811539},
 journal = {IEEE Transactions on Speech and Audio Processing},
 number = {3},
 pages = {229-241},
 title = {{A multipitch tracking algorithm for noisy speech}},
 volume = {11},
 year = {2003}
}

@article{glider,
 author = {Van Uffelen, Lora J. and Roth, Ethan H and Howe, Bruce M. and Oleson, Erin M. and Barkley, Yvonne},
 doi = {10.1109/JOE.2016.2637199},
 journal = {IEEE Journal of Oceanic Engineering},
 number = {4},
 pages = {800-807},
 title = {{A Seaglider-Integrated Digital Monitor for Bioacoustic Sensing}},
 volume = {42},
 year = {2017}
}

@article{groupinvariantscattering,
 author = {Mallat, St{\'e}phane},
 journal = {Communications on Pure and Applied Mathematics},
 number = {10},
 pages = {1331--1398},
 publisher = {Wiley Online Library},
 title = {{Group invariant scattering}},
 volume = {65},
 year = {2012}
}

@inproceedings{harmonicscattering,
 author = {Eickenberg, Michael and Exarchakis, Georgios and Hirn, Matthew and Mallat, Stephane},
 booktitle = {Advances in Neural Information Processing Systems},
 editor = {I. Guyon and U. Von Luxburg and S. Bengio and H. Wallach and R. Fergus and S. Vishwanathan and R. Garnett},
 pages = {},
 publisher = {Curran Associates, Inc.},
 title = {{Solid Harmonic Wavelet Scattering: Predicting Quantum Molecular Energy from Invariant Descriptors of 3D  Electronic Densities}},
 url = {https://proceedings.neurips.cc/paper_files/paper/2017/file/72b386224056bf940cd5b01341f65e9d-Paper.pdf},
 volume = {30},
 year = {2017}
}

@article{hmm1,
 author = {A.M. Usman and Jaco Versfeld},
 doi = {https://doi.org/10.1016/j.ecoinf.2022.101766},
 issn = {1574-9541},
 journal = {Ecological Informatics},
 keywords = {Baleen whales, Detection, DMD, Eigendecomposition, Error rate, Feature extraction, HMM, Kernel DMD, Precision, True positive rate},
 pages = {101766},
 title = {{Detection of baleen whale species using kernel dynamic mode decomposition-based feature extraction with a hidden Markov model}},
 url = {https://www.sciencedirect.com/science/article/pii/S1574954122002163},
 volume = {71},
 year = {2022}
}

@article{hmm2,
 author = {O.O. Ogundile and A.M. Usman and O.P. Babalola and Jaco Versfeld},
 doi = {https://doi.org/10.1016/j.ecoinf.2020.101087},
 issn = {1574-9541},
 journal = {Ecological Informatics},
 keywords = {Bryde's whale, HMM, LPC, MAP, MFCC, Sound detection},
 pages = {101087},
 title = {{A hidden Markov model with selective time domain feature extraction to detect inshore Bryde's whale short pulse calls}},
 url = {https://www.sciencedirect.com/science/article/pii/S1574954120300376},
 volume = {57},
 year = {2020}
}

@article{hmm3,
 author = {O.O. Ogundile and A.M. Usman and O.P. Babalola and Jaco Versfeld},
 doi = {https://doi.org/10.1016/j.ecoinf.2021.101306},
 issn = {1574-9541},
 journal = {Ecological Informatics},
 keywords = {Detection, DMD, EMD, FDR, HMM, LPC, MFCC, , Pulse calls, Sensitivity, Songs},
 pages = {101306},
 title = {{Dynamic mode decomposition: A feature extraction technique based hidden Markov model for detection of Mysticetes' vocalisations}},
 url = {https://www.sciencedirect.com/science/article/pii/S1574954121000972},
 volume = {63},
 year = {2021}
}

@article{hydrophone,
 author = {Au,Whitlow W. L.  and Pack,Adam A.  and Lammers,Marc O.  and Herman,Louis M.  and Deakos,Mark H.  and Andrews,Kim },
 doi = {10.1121/1.2211547},
 eprint = { 
https://doi.org/10.1121/1.2211547

},
 journal = {The Journal of the Acoustical Society of America},
 number = {2},
 pages = {1103-1110},
 title = {{Acoustic properties of humpback whale songs}},
 url = { 
https://doi.org/10.1121/1.2211547

},
 volume = {120},
 year = {2006}
}

@article{internalsignaldetection,
 author = {Jacques {Van Wyk} and Johan {Du Preez} and Jaco Versfeld},
 doi = {https://doi.org/10.1016/j.ecoinf.2022.101627},
 issn = {1574-9541},
 journal = {Ecological Informatics},
 keywords = {Gaussian noise, Detection, Whale vocalizations, Power, Variance, Segmentation},
 pages = {101627},
 title = {{Temporal separation of whale vocalizations from background oceanic noise using a power calculation}},
 url = {https://www.sciencedirect.com/science/article/pii/S1574954122000760},
 volume = {69},
 year = {2022}
}

@article{jacques2,
 author = {Jacques {Van Wyk} and Jaco Versfeld and Johan {Du Preez}},
 doi = {10.1121/10.0021021},
 issn = {2691-1191},
 issue = {9},
 journal = {JASA Express Letters},
 month = {9},
 title = {{Detection of cetacean and fish sounds using normalized summation of harmonics and spectrogram masking}},
 url = {https://pubs.aip.org/jel/article/3/9/096002/2911548/Detection-of-cetacean-and-fish-sounds-using},
 volume = {3},
 year = {2023}
}

@article{jointtfscattering2,
 author = {Joakim Andén and Vincent Lostanlen and Stéphane Mallat},
 doi = {10.1109/TSP.2019.2918992},
 month = {7},
 title = {{Joint Time-Frequency Scattering}},
 url = {http://arxiv.org/abs/1807.08869 http://dx.doi.org/10.1109/TSP.2019.2918992},
 year = {2018}
}

@inproceedings{kmeans,
 author = {MacQueen, J},
 booktitle = {5th Berkeley Symp. Math. Statist. Probability},
 pages = {281--297},
 title = {{Classification and analysis of multivariate observations}},
 year = {1967}
}

@inbook{kmeansoverview,
 author = {Ortega, Joaquín and Almanza-Ortega, Nelva and Vega-Villalobos, Andrea and Pazos-Rangel, Rodolfo and Zavala-Diaz, José Crispin and Martínez-Rebollar, Alicia},
 doi = {10.5772/intechopen.85447},
 isbn = {978-1-83880-333-9},
 month = {04},
 title = {{The K-Means Algorithm Evolution}},
 year = {2019}
}

@article{kymatio,
 author = {Mathieu Andreux and Tomás Angles and Georgios Exarchakis and Roberto Leonarduzzi and Gaspar Rochette and Louis Thiry and John Zarka and Stéphane Mallat and Joakim Andén and Eugene Belilovsky and Joan Bruna and Vincent Lostanlen and Muawiz Chaudhary and Matthew J. Hirn and Edouard Oyallon and Sixin Zhang and Carmine Cella and Michael Eickenberg},
 journal = {Journal of Machine Learning Research},
 number = {60},
 pages = {1--6},
 title = {{Kymatio: Scattering Transforms in Python}},
 url = {http://jmlr.org/papers/v21/19-047.html},
 volume = {21},
 year = {2020}
}

@article{lakelevelcwt,
 author = {Vahid Nourani and Roshanak Tootoonchi and Soghra Andaryani},
 doi = {https://doi.org/10.1016/j.ecoinf.2021.101330},
 issn = {1574-9541},
 journal = {Ecological Informatics},
 keywords = {Hydro-climatic processes, Anthropogenic activities, Land cover, Satellite imagery, Wavelet analysis, Lake urmia},
 pages = {101330},
 title = {{Investigation of climate, land cover and lake level pattern changes and interactions using remotely sensed data and wavelet analysis}},
 url = {https://www.sciencedirect.com/science/article/pii/S1574954121001217},
 volume = {64},
 year = {2021}
}

@article{lda,
 author = {Fisher, R. A.},
 doi = {https://doi.org/10.1111/j.1469-1809.1936.tb02137.x},
 eprint = {https://onlinelibrary.wiley.com/doi/pdf/10.1111/j.1469-1809.1936.tb02137.x},
 journal = {Annals of Eugenics},
 number = {2},
 pages = {179-188},
 title = {{THE USE OF MULTIPLE MEASUREMENTS IN TAXONOMIC PROBLEMS}},
 url = {https://onlinelibrary.wiley.com/doi/abs/10.1111/j.1469-1809.1936.tb02137.x},
 volume = {7},
 year = {1936}
}

@article{logit,
 author = {Cramer, Jan Salomon},
 publisher = {Tinbergen Institute Working Paper},
 title = {{The origins of logistic regression}},
 year = {2002}
}

@misc{MATLAB,
 address = {Natick, Massachusetts, United States},
 author = {{MathWorks Inc.}},
 publisher = {{MathWorks Inc.}},
 title = {{{MATLAB Wavelet Toolbox (R2024a)}}},
 url = {https://www.mathworks.com/help/wavelet/},
 year = {2022}
}

@article{maxentropy,
 author = {Conrad, Keith},
 journal = {Entropy},
 number = {452},
 pages = {10},
 title = {{Probability distributions and maximum entropy}},
 volume = {6},
 year = {2004}
}

@article{medmnist,
 author = {Yang, Jiancheng and Shi, Rui and Wei, Donglai and Liu, Zequan and Zhao, Lin and Ke, Bilian and Pfister, Hanspeter and Ni, Bingbing},
 journal = {Scientific Data},
 number = {1},
 pages = {41},
 publisher = {Nature Publishing Group UK London},
 title = {{MedMNIST v2-A large-scale lightweight benchmark for 2D and 3D biomedical image classification}},
 volume = {10},
 year = {2023}
}

@article{mf1,
 author = {Justusson, BI},
 journal = {Two-Dimensional Digital Signal Prcessing II},
 pages = {161--196},
 publisher = {Springer},
 title = {{Median filtering: Statistical properties}},
 year = {1981}
}

@inproceedings{mf2,
 author = {George, Ginu and Oommen, Rinoy Mathew and Shelly, Shani and Philipose, Stephie Sara and Varghese, Ann Mary},
 booktitle = {2018 Conference on Emerging Devices and Smart Systems (ICEDSS)},
 doi = {10.1109/ICEDSS.2018.8544273},
 number = {},
 pages = {235-238},
 title = {{A Survey on Various Median Filtering Techniques For Removal of Impulse Noise From Digital Image}},
 volume = {},
 year = {2018}
}

@article{MFCC_HMM_birds,
 author = {Marek B. Trawicki},
 doi = {10.1007/s10772-023-10041-0},
 issn = {15728110},
 journal = {International Journal of Speech Technology},
 keywords = {Age recognition,Bioacoustics,Call-type classification,Hidden Markov models (HMMs),Speaker identification,Zebra Finches (Taeniopygia guttata)},
 publisher = {Springer},
 title = {{{Automatic age recognition, call-type classification, and speaker identification of Zebra Finches (Taeniopygia guttata) using hidden Markov models (HMMs)}}},
 year = {2023}
}

@article{MLalexnet,
 author = {Tao Lu and Baokun Han and Fanqianhui Yu},
 doi = {https://doi.org/10.1016/j.ecoinf.2021.101277},
 issn = {1574-9541},
 journal = {Ecological Informatics},
 keywords = {Marine mammal sounds, AlexNet, Transfer learning, Feature visualization, Strongest activations},
 pages = {101277},
 title = {{Detection and classification of marine mammal sounds using AlexNet with transfer learning}},
 url = {https://www.sciencedirect.com/science/article/pii/S1574954121000686},
 volume = {62},
 year = {2021}
}

@article{MLcnn,
 author = {Jia-jia Jiang and Ling-ran Bu and Fa-jie Duan and Xian-quan Wang and Wei Liu and Zhong-bo Sun and Chun-yue Li},
 doi = {https://doi.org/10.1016/j.apacoust.2019.02.007},
 issn = {0003-682X},
 journal = {Applied Acoustics},
 pages = {169-178},
 title = {{Whistle detection and classification for whales based on convolutional neural networks}},
 url = {https://www.sciencedirect.com/science/article/pii/S0003682X18311241},
 volume = {150},
 year = {2019}
}

@misc{MLreview,
 author = {Balamurugan Sadaiappan and Preethiya Balakrishnan and C. R. Vishal and Neethu T. Vijayan and Mahendran Subramanian and Mangesh U. Gauns},
 doi = {10.1021/acsomega.2c06441},
 issn = {24701343},
 issue = {18},
 journal = {ACS Omega},
 month = {5},
 pages = {15831-15853},
 publisher = {American Chemical Society},
 title = {{Applications of Machine Learning in Chemical and Biological Oceanography}},
 volume = {8},
 year = {2023}
}

@misc{mnist,
 author = {LeCun, Yann and Cortes, Corinna and Burges, Chris and others},
 publisher = {Florham Park, NJ, USA},
 title = {{MNIST handwritten digit database}},
 year = {2010}
}

@article{morsewavelets,
 author = {Olhede, S.C. and Walden, A.T.},
 doi = {10.1109/TSP.2002.804066},
 journal = {IEEE Transactions on Signal Processing},
 number = {11},
 pages = {2661-2670},
 title = {{Generalized Morse wavelets}},
 volume = {50},
 year = {2002}
}

@article{morsewavelets2,
 author = {Lilly, Jonathan M and Olhede, Sofia C},
 journal = {IEEE Transactions on Signal Processing},
 number = {11},
 pages = {6036--6041},
 publisher = {IEEE},
 title = {{Generalized Morse wavelets as a superfamily of analytic wavelets}},
 volume = {60},
 year = {2012}
}

@article{mypaper,
 author = {Marco Wiehann Rademan and Jaco Versfeld and Johan Adam {Du Preez}},
 doi = {10.1016/j.ecoinf.2023.101990},
 issn = {15749541},
 journal = {Ecological Informatics},
 keywords = {Cetacean vocalization,Continuous wavelet transform,K-means,Signal detection,Soft classification,Spectral entropy},
 month = {5},
 publisher = {Elsevier B.V.},
 title = {{{Soft-output signal detection for cetacean vocalizations using spectral entropy, k-means clustering and the continuous wavelet transform}}},
 volume = {74},
 year = {2023}
}

@article{narw_cn_denoising,
 author = {William Vickers and Ben Milner and Denise Risch and Robert Lee},
 doi = {10.1121/10.0005128},
 issn = {0001-4966},
 issue = {6},
 journal = {The Journal of the Acoustical Society of America},
 month = {6},
 pages = {3797-3812},
 pmid = {34241455},
 publisher = {Acoustical Society of America (ASA)},
 title = {{{Robust North Atlantic right whale detection using deep learning models for denoising}}},
 volume = {149},
 year = {2021}
}

@inproceedings{origkmeans,
 author = {MacQueen, James and others},
 booktitle = {Proceedings of the fifth Berkeley symposium on mathematical statistics and probability},
 number = {14},
 organization = {Oakland, CA, USA},
 pages = {281--297},
 title = {{Some methods for classification and analysis of multivariate observations}},
 volume = {1},
 year = {1967}
}

@article{otherScattering,
 author = {Farook Sattar},
 doi = {10.3390/s23063048},
 issn = {14248220},
 issue = {6},
 journal = {Sensors},
 keywords = {artificial intelligence,deep learning,endangered whale,identification,marine bioacoustics,small data set,wavelet scattering transform,whale calls},
 month = {3},
 pmid = {36991759},
 publisher = {MDPI},
 title = {{A New Acoustical Autonomous Method for Identifying Endangered Whale Calls: A Case Study of Blue Whale and Fin Whale}},
 volume = {23},
 year = {2023}
}

@misc{PAMGuard,
 author = {{PAMGuard}},
 publisher = {{PAMGuard}},
 title = {{PAMGuard core plug-in modules}},
 url = {https://www.pamguard.org/11_PluginModules.html},
 year = {n.d.}
}

@incollection{pytorch,
 author = {Paszke, Adam and Gross, Sam and Massa, Francisco and Lerer, Adam and Bradbury, James and Chanan, Gregory and Killeen, Trevor and Lin, Zeming and Gimelshein, Natalia and Antiga, Luca and Desmaison, Alban and Kopf, Andreas and Yang, Edward and DeVito, Zachary and Raison, Martin and Tejani, Alykhan and Chilamkurthy, Sasank and Steiner, Benoit and Fang, Lu and Bai, Junjie and Chintala, Soumith},
 booktitle = {Advances in Neural Information Processing Systems 32},
 pages = {8024--8035},
 publisher = {Curran Associates, Inc.},
 title = {{PyTorch: An Imperative Style, High-Performance Deep Learning Library}},
 url = {http://papers.neurips.cc/paper/9015-pytorch-an-imperative-style-high-performance-deep-learning-library.pdf},
 year = {2019}
}

@misc{raven,
 author = {{Cornell University}},
 publisher = {{Cornell University}},
 title = {{Band-limited energy detector (BLED) diagnostics}},
 url = {https://ravensoundsoftware.com/knowledge-base/diagnostics-for-band-limited-energy-detector/},
 year = {n.d.}
}

@misc{relu,
 archiveprefix = {arXiv},
 author = {Abien Fred Agarap},
 eprint = {1803.08375},
 primaryclass = {cs.NE},
 title = {{Deep Learning using Rectified Linear Units (ReLU)}},
 year = {2019}
}

@article{rightdetection,
 author = {Mohammad, Bashar and McHugh, Ronald},
 doi = {10.1109/JOE.2010.2060790},
 journal = {IEEE Journal of Oceanic Engineering},
 number = {3},
 pages = {431-440},
 title = {{Automatic Detection and Characterization of Dispersive North Atlantic Right Whale Upcalls Recorded in a Shallow-Water Environment Using a Region-Based Active Contour Model}},
 volume = {36},
 year = {2011}
}

@article{scattering_birdsong,
 author = {Gabriel Michau and Gaetan Frusque and Olga Fink},
 doi = {10.1073/pnas.2106598119},
 issn = {10916490},
 issue = {8},
 journal = {Proceedings of the National Academy of Sciences of the United States of America},
 keywords = {{Deep learning,Fast discrete wavelet decomposition,High-frequency signals,Sparse decomposition,Unsupervised anomaly detection}},
 month = {2},
 pmid = {35181603},
 publisher = {National Academy of Sciences},
 title = {{Fully learnable deep wavelet transform for unsupervised monitoring of high-frequency time series}},
 volume = {119},
 year = {2022}
}

@article{seismiccwt,
 author = {D.S. Parihar and Ripul Ghosh and Aparna Akula and Satish Kumar and H.K. Sardana},
 doi = {https://doi.org/10.1016/j.ecoinf.2021.101329},
 issn = {1574-9541},
 journal = {Ecological Informatics},
 keywords = {ASFT, Continuous wavelet transform, Elephant detection, FFT, Seismic signal analysis, Signal processing, STA/LTA},
 pages = {101329},
 title = {{Seismic signal analysis for the characterisation of elephant movements in a forest environment}},
 url = {https://www.sciencedirect.com/science/article/pii/S1574954121001205},
 volume = {64},
 year = {2021}
}

@article{separablecnn,
 author = {Mao, Yuanhong and He, Zhanzhuang and Ma, Zhong and Tang, Xuehan and Wang, Zhuping},
 journal = {IEEE Access},
 pages = {106466--106474},
 publisher = {IEEE},
 title = {{Efficient convolution neural networks for object tracking using separable convolution and filter pruning}},
 volume = {7},
 year = {2019}
}

@article{shannon,
 author = {Shannon, Claude Elwood},
 journal = {ACM SIGMOBILE mobile computing and communications review},
 number = {1},
 pages = {3--55},
 publisher = {ACM New York, NY, USA},
 title = {{A mathematical theory of communication}},
 volume = {5},
 year = {2001}
}

@inproceedings{sincnet,
 author = {Ravanelli, Mirco and Bengio, Yoshua},
 booktitle = {2018 IEEE spoken language technology workshop (SLT)},
 organization = {IEEE},
 pages = {1021--1028},
 title = {{Speaker recognition from raw waveform with sincnet}},
 year = {2018}
}

@article{sklearn,
 author = {Pedregosa, F. and Varoquaux, G. and Gramfort, A. and Michel, V.
and Thirion, B. and Grisel, O. and Blondel, M. and Prettenhofer, P.
and Weiss, R. and Dubourg, V. and Vanderplas, J. and Passos, A. and
Cournapeau, D. and Brucher, M. and Perrot, M. and Duchesnay, E.},
 journal = {Journal of Machine Learning Research},
 pages = {2825--2830},
 title = {{Scikit-learn: Machine Learning in {P}ython}},
 volume = {12},
 year = {2011}
}

@article{sorp_sohn,
 author = {Van Opzeeland, Ilse and Samaran, Flore and Stafford, Kathleen M and Findlay, Ken and Gedamke, Jason and Harris, Danielle and Miller, Brian S},
 journal = {Polarforschung},
 number = {2},
 pages = {47--61},
 title = {{{Towards collective circum-Antarctic passive acoustic monitoring: The Southern Ocean hydrophone network (SOHN)}}},
 volume = {83},
 year = {2014}
}

@article{unsupervised,
 author = {Kun Li and Natalia A. Sidorovskaia and Christopher O. Tiemann},
 doi = {https://doi.org/10.1016/j.ecoinf.2020.101094},
 issn = {1574-9541},
 journal = {Ecological Informatics},
 keywords = {Underwater acoustics, Beaked whale, Machine learning, Signal processing},
 pages = {101094},
 title = {{Model-based unsupervised clustering for distinguishing Cuvier's and Gervais' beaked whales in acoustic data}},
 url = {https://www.sciencedirect.com/science/article/pii/S1574954120300443},
 volume = {58},
 year = {2020}
}

@book{vantrees,
 author = {Van Trees, H.L. and Tian, Z. and Bell, K.L.},
 isbn = {9781118539705},
 lccn = {2012036672},
 publisher = {Wiley},
 series = {Detection Estimation and Modulation Theory},
 title = {{Detection Estimation and Modulation Theory, Part I: Detection, Estimation, and Filtering Theory}},
 url = {https://books.google.co.za/books?id=dnvaxqHDkbQC},
 year = {2013}
}

@book{waveletbook,
 address = {USA},
 author = {Mallat, Stephane},
 edition = {3rd},
 isbn = {0123743702},
 publisher = {Academic Press, Inc.},
 title = {{A Wavelet Tour of Signal Processing, Third Edition: The Sparse Way}},
 year = {2008}
}

@book{waveletsandsubbandcoding,
 author = {Kovacevic, J. and Vetterli, M.},
 isbn = {9780130970800},
 lccn = {95005967},
 publisher = {Prentice Hall PTR},
 series = {Prentice-Hall signal processing series},
 title = {{Wavelets and Subband Coding}},
 url = {https://books.google.co.za/books?id=4Qt_QgAACAAJ},
 year = {1995}
}

@article{whalemodel,
 author = {Frazer, L.N. and Mercado, E.},
 doi = {10.1109/48.820748},
 journal = {IEEE Journal of Oceanic Engineering},
 number = {1},
 pages = {160-182},
 title = {{A sonar model for humpback whale song}},
 volume = {25},
 year = {2000}
}

@article{ws,
 author = {Joakim Andén and Stéphane Mallat},
 doi = {10.1109/TSP.2014.2326991},
 month = {4},
 title = {{{Deep Scattering Spectrum}}},
 url = {http://arxiv.org/abs/1304.6763 http://dx.doi.org/10.1109/TSP.2014.2326991},
 year = {2013}
}

@misc{ws_audio,
 author = {Joakim Andén and Stéphane Mallat},
 title = {{{Multiscale Scattering for Audio Classification}}},
 url = {http://www.cmap.},
 year = {2011}
}

@article{ws_audio2,
 author = {Sameh Souli and Zied Lachiri},
 doi = {10.1016/j.apacoust.2017.08.002},
 issn = {1872910X},
 journal = {Applied Acoustics},
 keywords = {Audio sounds,Classification,MFCCs,SVM multiclass,Scattering transform},
 month = {1},
 pages = {270-282},
 publisher = {Elsevier Ltd},
 title = {{{Audio sounds classification using scattering features and support vectors machines for medical surveillance}}},
 volume = {130},
 year = {2018}
}

@article{ws_ecg,
 author = {Zhishuai Liu and Guihua Yao and Qing Zhang and Junpu Zhang and Xueying Zeng},
 doi = {10.1155/2020/3215681},
 issn = {17486718},
 journal = {Computational and Mathematical Methods in Medicine},
 pmid = {33133225},
 publisher = {Hindawi Limited},
 title = {{{Wavelet Scattering Transform for ECG Beat Classification}}},
 volume = {2020},
 year = {2020}
}

@article{ws_fault_diag,
 author = {Varun Khemani and Michael H. Azarian and Michael G. Pecht},
 doi = {10.3390/electronics11030451},
 issn = {20799292},
 issue = {3},
 journal = {Electronics (Switzerland)},
 keywords = {Analog circuits,Fault diagnosis,Fault isolation,Rotating machinery,Scattering networks,Second-generation wavelet transform,Wavelet scattering networks},
 month = {2},
 publisher = {MDPI},
 title = {{{Learnable Wavelet Scattering Networks: Applications to Fault Diagnosis of Analog Circuits and Rotating Machinery}}},
 volume = {11},
 year = {2022}
}

@article{ws_joint_tf,
 author = {Joakim Andén and Vincent Lostanlen and Stéphane Mallat},
 doi = {10.1109/MLSP.2015.7324385},
 month = {12},
 title = {{{Joint Time-Frequency Scattering for Audio Classification}}},
 url = {http://arxiv.org/abs/1512.02125 http://dx.doi.org/10.1109/MLSP.2015.7324385},
 year = {2015}
}

@article{ws_speech,
 author = {Mittapalle Kiran Reddy and Yagnavajjula Madhu Keerthana and Paavo Alku},
 doi = {10.1109/LSP.2022.3199669},
 issn = {15582361},
 journal = {IEEE Signal Processing Letters},
 keywords = {CNN,Convolutional neural networks,Feature extraction,MP3 compression,Pathology,Scattering,Task analysis,Wavelet scattering network,Wavelet transforms,Wireless sensor networks,openSMILE features,pathological speech},
 publisher = {Institute of Electrical and Electronics Engineers Inc.},
 title = {{{End-to-end Pathological Speech Detection using Wavelet Scattering Network}}},
 year = {2022}
}

@article{nnsurvey,
  title={A survey on neural network interpretability},
  author={Zhang, Yu and Ti{\v{n}}o, Peter and Leonardis, Ale{\v{s}} and Tang, Ke},
  journal={IEEE Transactions on Emerging Topics in Computational Intelligence},
  volume={5},
  number={5},
  pages={726--742},
  year={2021},
  publisher={IEEE}
}

@article{pamsurvey,
  title={Emerging opportunities and challenges for passive acoustics in ecological assessment and monitoring},
  author={Gibb, Rory and Browning, Ella and Glover-Kapfer, Paul and Jones, Kate E},
  journal={Methods in Ecology and Evolution},
  volume={10},
  number={2},
  pages={169--185},
  year={2019},
  publisher={Wiley Online Library}
}

@article{pamguide,
  title={Passive acoustic monitoring in ecology and conservation.},
  author={Browning, Ella and Gibb, Rory and Glover-Kapfer, Paul and Jones, Kate E},
  year={2017},
  publisher={WWF-UK}
}

@article{waveletfault,
  title={Wavelet transform for rotary machine fault diagnosis: 10 years revisited},
  author={Yan, Ruqiang and Shang, Zuogang and Xu, Hong and Wen, Jingcheng and Zhao, Zhibin and Chen, Xuefeng and Gao, Robert X},
  journal={Mechanical Systems and Signal Processing},
  volume={200},
  pages={110545},
  year={2023},
  publisher={Elsevier}
}

@article{waveletflight,
  title={Flight trajectory prediction enabled by time-frequency wavelet transform},
  author={Zhang, Zheng and Guo, Dongyue and Zhou, Shizhong and Zhang, Jianwei and Lin, Yi},
  journal={Nature Communications},
  volume={14},
  number={1},
  pages={5258},
  year={2023},
  publisher={Nature Publishing Group UK London}
}

@article{waveletflow,
  title={Spatial and wavelet analysis of precipitation and river discharge during operation of the Three Gorges Dam, China},
  author={Yin, Lirong and Wang, Lei and Keim, Barry D and Konsoer, Kory and Yin, Zhengtong and Liu, Mingzhe and Zheng, Wenfeng},
  journal={Ecological Indicators},
  volume={154},
  pages={110837},
  year={2023},
  publisher={Elsevier}
}

@article{waveletimagedenoising,
  title={Multi-stage image denoising with the wavelet transform},
  author={Tian, Chunwei and Zheng, Menghua and Zuo, Wangmeng and Zhang, Bob and Zhang, Yanning and Zhang, David},
  journal={Pattern Recognition},
  volume={134},
  pages={109050},
  year={2023},
  publisher={Elsevier}
}

@misc{nnphasecollapse,
      title={Phase Collapse in Neural Networks}, 
      author={Florentin Guth and John Zarka and Stéphane Mallat},
      year={2022},
      eprint={2110.05283},
      archivePrefix={arXiv},
      primaryClass={cs.LG}
}

@article{seyicwt,
title = {Wavelet-based feature extraction with hidden Markov model classification of Antarctic blue whale sounds},
journal = {Ecological Informatics},
volume = {80},
pages = {102468},
year = {2024},
issn = {1574-9541},
doi = {https://doi.org/10.1016/j.ecoinf.2024.102468},
url = {https://www.sciencedirect.com/science/article/pii/S1574954124000104},
author = {Oluwaseyi P. Babalola and Jaco Versfeld}
}

@inproceedings{speechmodulation,
  title={The modulation spectrogram: In pursuit of an invariant representation of speech},
  author={Greenberg, Steven and Kingsbury, Brian ED},
  booktitle={1997 IEEE international conference on acoustics, speech, and signal processing},
  volume={3},
  pages={1647--1650},
  year={1997},
  organization={IEEE}
}

@inproceedings{separablecnn2,
  author={Srivastava, Harsh and Sarawadekar, Kishor},
  booktitle={2020 IEEE Applied Signal Processing Conference (ASPCON)}, 
  title={A Depthwise Separable Convolution Architecture for CNN Accelerator}, 
  year={2020},
  volume={},
  number={},
  pages={1-5},
  doi={10.1109/ASPCON49795.2020.9276672}
}

@book{dspbook,
  title={Digital signal processing: Pearson new international edition},
  author={Proakis, John G and Manolakis, Dimitris G},
  year={2013},
  publisher={Pearson Higher Ed}
}

@book{stftbook,
  title={Audio and speech processing with MATLAB},
  author={Hill, Paul},
  year={2018},
  publisher={CRC Press}
}

@article{cnninvariance,
  title={Deep CNN with multi-scale rotation invariance features for ship classification},
  author={Shi, Qiaoqiao and Li, Wei and Zhang, Fan and Hu, Wei and Sun, Xu and Gao, Lianru},
  journal={IEEE Access},
  volume={6},
  pages={38656--38668},
  year={2018},
  publisher={IEEE}
}

@article{cnninvariance2,
  title={Marginalized CNN: Learning deep invariant representations},
  author={Zhao12, Jian and Li, Jianshu and Zhao, Fang and Yan13, Shuicheng and Feng, Jiashi},
  year={2017}
}

@article{mfccreview,
  title={Mel frequency cepstral coefficient and its applications: A review},
  author={Abdul, Zrar Kh and Al-Talabani, Abdulbasit K},
  journal={IEEE Access},
  volume={10},
  pages={122136--122158},
  year={2022},
  publisher={IEEE}
}

@article{dctdecorrelation,
  title={The discrete cosine transform (DCT): theory and application},
  author={Khayam, Syed Ali},
  journal={Michigan State University},
  volume={114},
  number={1},
  pages={31},
  year={2003}
}



